<record><leader>00000cas a2200000 a 4500</leader><controlfield tag="001">12279108</controlfield><controlfield tag="008">850718d18681887iluwr ne      0   a0eng c</controlfield><datafield ind1=" " ind2=" " tag="010"><subfield code="a">sn 85033807 </subfield></datafield><datafield ind1=" " ind2=" " tag="040"><subfield code="a">NPU</subfield><subfield code="b">eng</subfield><subfield code="c">NPU</subfield><subfield code="d">NVF</subfield><subfield code="d">OCLCQ</subfield><subfield code="d">NVF</subfield><subfield code="d">OCLCQ</subfield><subfield code="d">OCLCF</subfield><subfield code="d">NVF</subfield><subfield code="d">DLC</subfield><subfield code="d">OCL</subfield><subfield code="d">OCLCO</subfield></datafield><datafield ind1=" " ind2=" " tag="042"><subfield code="a">pcc</subfield></datafield><datafield ind1=" " ind2=" " tag="043"><subfield code="a">n-us-il</subfield></datafield><datafield ind1="0" ind2="4" tag="245"><subfield code="a">The Cumberland Democrat.</subfield></datafield><datafield ind1="1" ind2="3" tag="246"><subfield code="a">Democrat</subfield></datafield><datafield ind1=" " ind2=" " tag="260"><subfield code="a">Prairie City [Toledo], Cumberland County, Ill. :</subfield><subfield code="b">Flavius Tossey</subfield></datafield><datafield ind1="3" ind2=" " tag="260"><subfield code="3">Mar. 17, 1886-Apr. 28, 1887</subfield><subfield code="a">Greenup, Ill. :</subfield><subfield code="b">[s.n.]</subfield></datafield><datafield ind1=" " ind2=" " tag="300"><subfield code="a">v.</subfield></datafield><datafield ind1=" " ind2=" " tag="310"><subfield code="a">Weekly</subfield></datafield><datafield ind1="1" ind2=" " tag="362"><subfield code="a">Began in 1868.</subfield></datafield><datafield ind1="0" ind2=" " tag="362"><subfield code="a">-v. 3, no. 52 (June 23, 1871) ; v. 13, no. 1 (June 30, 1871)-v. 28, no. 42 (Apr. 28, 1887).</subfield></datafield><datafield ind1=" " ind2=" " tag="580"><subfield code="a">Merged with: Toledo herald (Toledo, Ill.), to form: Democrat (Toledo, Ill.).</subfield></datafield><datafield ind1=" " ind2=" " tag="588"><subfield code="a">Description based on: Vol. 1, no. 9 (Apr. 29, 1868).</subfield></datafield><datafield ind1=" " ind2="0" tag="651"><subfield code="a">Cumberland County (Ill.)</subfield><subfield code="v">Newspapers.</subfield></datafield><datafield ind1=" " ind2="7" tag="655"><subfield code="a">Newspapers.</subfield><subfield code="2">fast</subfield><subfield code="0">(OCoLC)fst01423814</subfield></datafield><datafield ind1=" " ind2="7" tag="651"><subfield code="a">Illinois</subfield><subfield code="z">Cumberland County.</subfield><subfield code="2">fast</subfield><subfield code="0">(OCoLC)fst01210714</subfield></datafield><datafield ind1=" " ind2=" " tag="752"><subfield code="a">United States</subfield><subfield code="b">Illinois</subfield><subfield code="c">Cumberland</subfield><subfield code="d">Greenup.</subfield></datafield><datafield ind1=" " ind2=" " tag="752"><subfield code="a">United States</subfield><subfield code="b">Illinois</subfield><subfield code="c">Cumberland</subfield><subfield code="d">Prairie City.</subfield></datafield><datafield ind1=" " ind2=" " tag="752"><subfield code="a">United States</subfield><subfield code="b">Illinois</subfield><subfield code="c">Cumberland</subfield><subfield code="d">Toledo.</subfield></datafield><datafield ind1="0" ind2="5" tag="780"><subfield code="t">Cumberland expositor</subfield><subfield code="w">(DLC)sn 90054805</subfield><subfield code="w">(OCoLC)22518831</subfield></datafield><datafield ind1="1" ind2="7" tag="785"><subfield code="t">Toledo herald (Toledo, Ill.)</subfield><subfield code="w">(DLC)sn 90054806</subfield><subfield code="w">(OCoLC)22521728</subfield></datafield><datafield ind1="1" ind2="7" tag="785"><subfield code="t">Democrat (Toledo, Ill.)</subfield><subfield code="w">(DLC)sn 90054807</subfield><subfield code="w">(OCoLC)22521843</subfield></datafield></record>